@book{algDesign,
  author    = {Jon Kleinberg and Eva Tardos},
  title     = {Algorithm Design},
  publisher = {Pearson Education},
  isbn      = {978-93-325-1864-3}
}
