@book{algDesign,
  author    = {Jon Kleinberg and Eva Tardos},
  title     = {Algorithm Design},
  publisher = {Pearson Education},
  isbn      = {978-93-325-1864-3}
}
@article{Matrix,
title = "Dividing and conquering the square",
journal = "Discrete Applied Mathematics",
volume = "43",
number = "2",
pages = "131 - 153",
year = "1993",
issn = "0166-218X",
url = "http://www.sciencedirect.com/science/article/pii/0166218X93900048",
author = "Donna C. Llewellyn and Craig A. Tovey",
keywords = "Local optimum, local search, matrix, grid, graph, saddle point"
}
@misc{MIT,
  title = "Lecture 2",
  howpublished = "http://courses.csail.mit.edu/6.006/spring11/lectures/lec02.pdf",
  note = "Accessed: 2018-10-30"
}