@book{algDesign,
  author    = {Jon Kleinberg and Eva Tardos},
  title     = {Algorithm Design},
  publisher = {Pearson Education},
  isbn      = {978-93-325-1864-3}
}
@misc{uic,
	author = {Lenore Zuck},
	title  = {CS401},
	url    = {https://www.cs.uic.edu/~i401/ass2-f12-part1.pdf}
}
@misc{Tutorials,
	title = {Tarjanâ€™s Algorithm to find Strongly Connected Components},
	url   = {https://www.geeksforgeeks.org/tarjan-algorithm-find-strongly-connected-components/}
}
@misc{Git,
	title = {CS-180 Algorithm Design},
	url   = {https://github.com/weimin/CS-180}
}